<record xmlns="http://www.loc.gov/MARC21/slim" xmlns:xsi="http://www.w3.org/2001/XMLSchema-instance" xsi:schemaLocation="http://www.loc.gov/MARC21/slim http://www.loc.gov/standards/marcxml/schema/MARC21slim.xsd"><leader>     nam a22        4500</leader><controlfield tag="001">3068492</controlfield><controlfield tag="003">NNC</controlfield><controlfield tag="006">m        d        </controlfield><controlfield tag="007">cr cn |||m|||a</controlfield><controlfield tag="008">150316s1930    ua      o     000 0 ara d</controlfield><datafield ind1=" " ind2=" " tag="040"><subfield code="a">NNU</subfield><subfield code="b">eng</subfield><subfield code="c">NNU</subfield></datafield><datafield ind1=" " ind2=" " tag="043"><subfield code="a">f-ua---</subfield></datafield><datafield ind1=" " ind2="4" tag="050"><subfield code="a">PJ7505</subfield><subfield code="b">.M85 1930</subfield></datafield><datafield ind1="1" ind2=" " tag="100"><subfield code="6">880-01</subfield><subfield code="a">H&#803;usayn, T&#803;a&#772;ha&#772;,</subfield><subfield code="d">1889-1973.</subfield></datafield><datafield ind1="1" ind2="3" tag="245"><subfield code="6">880-02</subfield><subfield code="a">al-Mujmal fi&#772; ta&#772;ri&#772;kh al-adab al-&#699;Arabi&#772;</subfield><subfield code="h">[electronic resource] :</subfield><subfield code="b">muqarrar al-sanah al-tha&#772;lithah bi-al-mada&#772;ris al-tha&#772;nawi&#772;yah /</subfield><subfield code="c">wad&#803;a&#699;atuhu lajnah alafataha&#772; Wiza&#772;rat al-Ma&#699;a&#772;rif min T&#803;a&#772;ha&#772; H&#803;usayn ... [et al.]</subfield></datafield><datafield ind1=" " ind2=" " tag="260"><subfield code="6">880-03</subfield><subfield code="a">[al-Qa&#772;hirah] :</subfield><subfield code="b">Wiza&#772;rat al-Ma&#699;a&#772;rif al-&#699;Umu&#772;mi&#772;yah,</subfield><subfield code="c">1930.</subfield></datafield><datafield ind1=" " ind2=" " tag="300"><subfield code="a">online resource (9, 198 p.)</subfield></datafield><datafield ind1=" " ind2=" " tag="500"><subfield code="a">Textbook for secondary schools.</subfield></datafield><datafield ind1=" " ind2=" " tag="500"><subfield code="a">Part of the Arabic Collections Online (ACO) project, contributed by Columbia University Libraries.</subfield></datafield><datafield ind1=" " ind2=" " tag="533"><subfield code="a">Electronic reproduction.</subfield><subfield code="b">New York, N.Y. :</subfield><subfield code="c">New York University,</subfield><subfield code="d">2015.</subfield><subfield code="5">NNU</subfield></datafield><datafield ind1=" " ind2="0" tag="650"><subfield code="a">Arabic literature</subfield><subfield code="x">Study and teaching (Secondary)</subfield><subfield code="z">Egypt.</subfield></datafield><datafield ind1=" " ind2="0" tag="650"><subfield code="a">Arabic literature</subfield><subfield code="v">Textbooks.</subfield></datafield><datafield ind1=" " ind2="7" tag="650"><subfield code="a">Arabic literature.</subfield><subfield code="2">fast</subfield><subfield code="0">(OCoLC)fst00812478</subfield></datafield><datafield ind1=" " ind2="7" tag="650"><subfield code="a">Arabic literature</subfield><subfield code="x">Study and teaching (Secondary)</subfield><subfield code="2">fast</subfield><subfield code="0">(OCoLC)fst00812511</subfield></datafield><datafield ind1=" " ind2="7" tag="651"><subfield code="a">Egypt.</subfield><subfield code="2">fast</subfield><subfield code="0">(OCoLC)fst01208755</subfield></datafield><datafield ind1=" " ind2="7" tag="655"><subfield code="a">Textbooks.</subfield><subfield code="2">fast</subfield><subfield code="0">(OCoLC)fst01423863</subfield></datafield><datafield ind1="1" ind2=" " tag="710"><subfield code="6">880-04</subfield><subfield code="a">Egypt.</subfield><subfield code="b">Wiza&#772;rat al-Ma&#699;a&#772;rif al-&#699;Umu&#772;mi&#772;yah.</subfield></datafield><datafield ind1="2" ind2=" " tag="710"><subfield code="a">Columbia University.</subfield><subfield code="b">Libraries.</subfield></datafield><datafield ind1="0" ind2=" " tag="730"><subfield code="a">Arabic Collections Online.</subfield></datafield><datafield ind1="0" ind2="8" tag="776"><subfield code="i">Print version:</subfield><subfield code="a">H&#803;usayn, T&#803;a&#772;ha&#772;, 1889-1973.</subfield><subfield code="t">al-Mujmal fi&#772; ta&#772;ri&#772;kh al-adab al-&#699;Arabi&#772;</subfield><subfield code="w">(NNC)3068492</subfield><subfield code="w">(OCoLC)47809793</subfield></datafield><datafield ind1="4" ind2="0" tag="856"><subfield code="u">http://hdl.handle.net/2333.1/crjdfqdp</subfield></datafield><datafield ind1="1" ind2=" " tag="880"><subfield code="6">100-01/r</subfield><subfield code="a">&#1581;&#1587;&#1610;&#1606;&#1548; &#1591;&#1607;,</subfield><subfield code="d">1889-1973.</subfield></datafield><datafield ind1="1" ind2="2" tag="880"><subfield code="6">245-02/r</subfield><subfield code="a">&#1575;&#1604;&#1605;&#1580;&#1605;&#1604; &#1601;&#1610; &#1578;&#1575;&#1585;&#1610;&#1582; &#1575;&#1604;&#1571;&#1583;&#1576; &#1575;&#1604;&#1593;&#1585;&#1576;&#1610; :</subfield><subfield code="b">&#1605;&#1602;&#1585;&#1585; &#1575;&#1604;&#1587;&#1606;&#1577; &#1575;&#1604;&#1579;&#1575;&#1604;&#1579;&#1577; &#1576;&#1575;&#1604;&#1605;&#1583;&#1575;&#1585;&#1587; &#1575;&#1604;&#1579;&#1575;&#1606;&#1608;&#1610;&#1577; /</subfield><subfield code="c">&#1608;&#1590;&#1593;&#1578;&#1607; &#1604;&#1580;&#1606;&#1577; &#1575;&#1604;&#1601;&#1578;&#1607;&#1575; &#1608;&#1586;&#1575;&#1585;&#1577; &#1575;&#1604;&#1605;&#1593;&#1575;&#1585;&#1601; &#1605;&#1606; &#1591;&#1607; &#1581;&#1587;&#1610;&#1606; ... [et al.]</subfield></datafield><datafield ind1=" " ind2=" " tag="880"><subfield code="6">260-03/r</subfield><subfield code="a">[&#1575;&#1604;&#1602;&#1575;&#1607;&#1585;&#1577;] :</subfield><subfield code="b">&#1608;&#1586;&#1575;&#1585;&#1577; &#1575;&#1604;&#1605;&#1593;&#1575;&#1585;&#1601; &#1575;&#1604;&#1593;&#1605;&#1608;&#1605;&#1610;&#1577;,</subfield><subfield code="c">1930.</subfield></datafield><datafield ind1="1" ind2=" " tag="880"><subfield code="6">710-04/r</subfield><subfield code="a">Egypt.</subfield><subfield code="b">&#1608;&#1586;&#1575;&#1585;&#1577; &#1575;&#1604;&#1605;&#1593;&#1575;&#1585;&#1601; &#1575;&#1604;&#1593;&#1605;&#1608;&#1605;&#1610;&#1577;.</subfield></datafield><datafield ind1=" " ind2=" " tag="959"><subfield code="a">NNU</subfield><subfield code="b">WEB</subfield><subfield code="c">GENI</subfield><subfield code="t">0</subfield><subfield code="m">Electronic access</subfield><subfield code="s">01</subfield></datafield><datafield ind1=" " ind2=" " tag="999"><subfield code="i">NNC_3068492</subfield><subfield code="o">(OCoLC)ocm47809793 </subfield><subfield code="s">columbia_aco000376</subfield></datafield></record>